@book {Boltianskii,
    AUTHOR = {Boltianski\u{\i}, Vladimir G.},
     TITLE = {Hilbert's third problem},
      NOTE = {Translated from the Russian by Richard A. Silverman,
              With a foreword by Albert B. J. Novikoff,
              Scripta Series in Mathematics},
 PUBLISHER = {V. H. Winston \& Sons, Washington, D.C.; Halsted Press [John
              Wiley \&\ Sons], New York-Toronto-London},
      YEAR = {1978},
     PAGES = {x+228},
      ISBN = {0-470-26289-3},
   MRCLASS = {50A30},
  MRNUMBER = {0500434},
}